@Book{grureg,
author = "Per Schamby Espensen",
title = "Grundl√¶ggende reguleringsteknik",
publisher = "Bogfondens forlag",
year = 1989,
edition = 1,
note = "ISBN-10: 87-7463-192-6"
}
@Book{dcds,
author = "Gene F. Fraklin and J. David Powell and Michael Workman",
title = "Digital control of dynamic systems",
publisher = "Addison-Wesley",
year = 1998,
edition = 3,
note = "ISBN-10: 0-201-33153-5"
}